00553cas a22002171a 4500
001 9917737783502836
003 Nz
005 20161223172954.0
008 040107d1967uuuunz  r ne      0   0 eng d
035    $a (Nz)8167230
035    $a (OCoLC)173421824
035    $a (NLNZils)1773778-ilsdb
040    $a WN $c WN
042    $a nznb
043    $a u-nz---
130 0  $a Manukau pictorial (1967)
245 00 $a Manukau pictorial.
260    $a Auckland [N.Z.]
362 0  $a 1967 Sep.12-?
651  0 $a Manukau (N.Z.) $v Newspapers.
655  7 $a New Zealand newspapers. $2 local $5 Nz
